%% report.bib - contains BiBtex input for bibliography


@misc{photutils,
  author       = {Larry Bradley and
                  Brigitta Sipocz and
                  Thomas Robitaille and
                  Zé Vinícius and
                  Erik Tollerud and
                  Christoph Deil and
                  Kyle Barbary and
                  Hans Moritz Günther and
                  Mihai Cara and
                  Ivo Busko and
                  Michael Droettboom and
                  Azalee Bostroem and
                  Erik Bray and
                  Lars Andersen Bratholm and
                  T. E. Pickering and
                  Matt Craig and
                  Geert Barentsen and
                  Sergio Pascual and
                  Simon Conseil and
                  adonath and
                  Johnny Greco and
                  Wolfgang Kerzendorf and
                  Miguel de Val-Borro and
                  StuartLittlefair and
                  Sara Ogaz and
                  P. L. Lim and
                  Leonardo Ferreira and
                  Francesco D'Eugenio and
                  Benjamin Alan Weaver},
  title        = {astropy/photutils: v0.4},
  month        = oct,
  year         = 2017,
  doi          = {10.5281/zenodo.1039309},
  url          = {https://doi.org/10.5281/zenodo.1039309}
}


@ARTICLE{nghxrg,
   author = {{Rauscher}, B.~J.},
    title = "{Teledyne H1RG, H2RG, and H4RG Noise Generator}",
  journal = {\pasp},
archivePrefix = "arXiv",
   eprint = {1509.06264},
 primaryClass = "astro-ph.IM",
     year = 2015,
    month = nov,
   volume = 127,
    pages = {1144-1151},
      doi = {10.1086/684082},
   adsurl = {http://adsabs.harvard.edu/abs/2015PASP..127.1144R},
  adsnote = {Provided by the SAO/NASA Astrophysics Data System}
}


@ARTICLE{astropy,
   author = {{Astropy Collaboration} and {Robitaille}, T.~P. and {Tollerud}, E.~J. and 
	{Greenfield}, P. and {Droettboom}, M. and {Bray}, E. and {Aldcroft}, T. and 
	{Davis}, M. and {Ginsburg}, A. and {Price-Whelan}, A.~M. and 
	{Kerzendorf}, W.~E. and {Conley}, A. and {Crighton}, N. and 
	{Barbary}, K. and {Muna}, D. and {Ferguson}, H. and {Grollier}, F. and 
	{Parikh}, M.~M. and {Nair}, P.~H. and {Unther}, H.~M. and {Deil}, C. and 
	{Woillez}, J. and {Conseil}, S. and {Kramer}, R. and {Turner}, J.~E.~H. and 
	{Singer}, L. and {Fox}, R. and {Weaver}, B.~A. and {Zabalza}, V. and 
	{Edwards}, Z.~I. and {Azalee Bostroem}, K. and {Burke}, D.~J. and 
	{Casey}, A.~R. and {Crawford}, S.~M. and {Dencheva}, N. and 
	{Ely}, J. and {Jenness}, T. and {Labrie}, K. and {Lim}, P.~L. and 
	{Pierfederici}, F. and {Pontzen}, A. and {Ptak}, A. and {Refsdal}, B. and 
	{Servillat}, M. and {Streicher}, O.},
    title = "{Astropy: A community Python package for astronomy}",
  journal = {\aap},
archivePrefix = "arXiv",
   eprint = {1307.6212},
 primaryClass = "astro-ph.IM",
 keywords = {methods: data analysis, methods: miscellaneous, virtual observatory tools},
     year = 2013,
    month = oct,
   volume = 558,
      eid = {A33},
    pages = {A33},
      doi = {10.1051/0004-6361/201322068},
   adsurl = {http://adsabs.harvard.edu/abs/2013A%26A...558A..33A},
  adsnote = {Provided by the SAO/NASA Astrophysics Data System}
}



@ARTICLE{astropy2,
   author = {{The Astropy Collaboration} and {Price-Whelan}, A.~M. and {Sip{\H o}cz}, B.~M. and 
	{G{\"u}nther}, H.~M. and {Lim}, P.~L. and {Crawford}, S.~M. and 
	{Conseil}, S. and {Shupe}, D.~L. and {Craig}, M.~W. and {Dencheva}, N. and 
	{Ginsburg}, A. and {VanderPlas}, J.~T. and {Bradley}, L.~D. and 
	{P{\'e}rez-Su{\'a}rez}, D. and {de Val-Borro}, M. and {Aldcroft}, T.~L. and 
	{Cruz}, K.~L. and {Robitaille}, T.~P. and {Tollerud}, E.~J. and 
	{Ardelean}, C. and {Babej}, T. and {Bachetti}, M. and {Bakanov}, A.~V. and 
	{Bamford}, S.~P. and {Barentsen}, G. and {Barmby}, P. and {Baumbach}, A. and 
	{Berry}, K.~L. and {Biscani}, F. and {Boquien}, M. and {Bostroem}, K.~A. and 
	{Bouma}, L.~G. and {Brammer}, G.~B. and {Bray}, E.~M. and {Breytenbach}, H. and 
	{Buddelmeijer}, H. and {Burke}, D.~J. and {Calderone}, G. and 
	{Cano Rodr{\'{\i}}guez}, J.~L. and {Cara}, M. and {Cardoso}, J.~V.~M. and 
	{Cheedella}, S. and {Copin}, Y. and {Crichton}, D. and {D{\'A}vella}, D. and 
	{Deil}, C. and {Depagne}, {\'E}. and {Dietrich}, J.~P. and {Donath}, A. and 
	{Droettboom}, M. and {Earl}, N. and {Erben}, T. and {Fabbro}, S. and 
	{Ferreira}, L.~A. and {Finethy}, T. and {Fox}, R.~T. and {Garrison}, L.~H. and 
	{Gibbons}, S.~L.~J. and {Goldstein}, D.~A. and {Gommers}, R. and 
	{Greco}, J.~P. and {Greenfield}, P. and {Groener}, A.~M. and 
	{Grollier}, F. and {Hagen}, A. and {Hirst}, P. and {Homeier}, D. and 
	{Horton}, A.~J. and {Hosseinzadeh}, G. and {Hu}, L. and {Hunkeler}, J.~S. and 
	{Ivezi{\'c}}, {\v Z}. and {Jain}, A. and {Jenness}, T. and {Kanarek}, G. and 
	{Kendrew}, S. and {Kern}, N.~S. and {Kerzendorf}, W.~E. and 
	{Khvalko}, A. and {King}, J. and {Kirkby}, D. and {Kulkarni}, A.~M. and 
	{Kumar}, A. and {Lee}, A. and {Lenz}, D. and {Littlefair}, S.~P. and 
	{Ma}, Z. and {Macleod}, D.~M. and {Mastropietro}, M. and {McCully}, C. and 
	{Montagnac}, S. and {Morris}, B.~M. and {Mueller}, M. and {Mumford}, S.~J. and 
	{Muna}, D. and {Murphy}, N.~A. and {Nelson}, S. and {Nguyen}, G.~H. and 
	{Ninan}, J.~P. and {N{\"o}the}, M. and {Ogaz}, S. and {Oh}, S. and 
	{Parejko}, J.~K. and {Parley}, N. and {Pascual}, S. and {Patil}, R. and 
	{Patil}, A.~A. and {Plunkett}, A.~L. and {Prochaska}, J.~X. and 
	{Rastogi}, T. and {Reddy Janga}, V. and {Sabater}, J. and {Sakurikar}, P. and 
	{Seifert}, M. and {Sherbert}, L.~E. and {Sherwood-Taylor}, H. and 
	{Shih}, A.~Y. and {Sick}, J. and {Silbiger}, M.~T. and {Singanamalla}, S. and 
	{Singer}, L.~P. and {Sladen}, P.~H. and {Sooley}, K.~A. and 
	{Sornarajah}, S. and {Streicher}, O. and {Teuben}, P. and {Thomas}, S.~W. and 
	{Tremblay}, G.~R. and {Turner}, J.~E.~H. and {Terr{\'o}n}, V. and 
	{van Kerkwijk}, M.~H. and {de la Vega}, A. and {Watkins}, L.~L. and 
	{Weaver}, B.~A. and {Whitmore}, J.~B. and {Woillez}, J. and 
	{Zabalza}, V.},
    title = "{The Astropy Project: Building an inclusive, open-science project and status of the v2.0 core package}",
  journal = {ArXiv e-prints},
archivePrefix = "arXiv",
   eprint = {1801.02634},
 primaryClass = "astro-ph.IM",
 keywords = {Astrophysics - Instrumentation and Methods for Astrophysics},
     year = 2018,
    month = jan,
   adsurl = {http://adsabs.harvard.edu/abs/2018arXiv180102634T},
  adsnote = {Provided by the SAO/NASA Astrophysics Data System}
}





@MISC{poppy,
   author = {{Perrin}, M.~D. and {Long}, J. and {Sivaramakrishnan}, A. and 
	{Lajoie}, C.-P. and {Elliot}, E. and {Pueyo}, L. and {Albert}, L.
	},
    title = "{WebbPSF: James Webb Space Telescope PSF Simulation Tool}",
howpublished = {Astrophysics Source Code Library},
     year = 2015,
    month = apr,
archivePrefix = "ascl",
   eprint = {1504.007},
   adsurl = {http://adsabs.harvard.edu/abs/2015ascl.soft04007P},
  adsnote = {Provided by the SAO/NASA Astrophysics Data System}
}


@Misc{scipy,
  author =    {Eric Jones and Travis Oliphant and Pearu Peterson and others},
  title =     {{SciPy}: Open source scientific tools for {Python}},
  year =      {2001--},
  url = "http://www.scipy.org/",
  note = {[Online; accessed 2016-05-09]}
}


@ARTICLE{numpy,
   author = {{Van Der Walt}, S. and {Colbert}, S.~C. and {Varoquaux}, G.},
    title = "{The NumPy array: a structure for efficient numerical computation}",
  journal = {ArXiv e-prints},
archivePrefix = "arXiv",
   eprint = {1102.1523},
 primaryClass = "cs.MS",
 keywords = {Computer Science - Mathematical Software},
     year = 2011,
    month = feb,
   adsurl = {http://adsabs.harvard.edu/abs/2011arXiv1102.1523V},
  adsnote = {Provided by the SAO/NASA Astrophysics Data System}
}


@ARTICLE{matplotlib,
   author = {{Hunter}, J.~D.},
    title = "{Matplotlib: A 2D Graphics Environment}",
  journal = {Computing in Science and Engineering},
 keywords = {Python, Scripting languages, Application development, Scientific programming  },
     year = 2007,
    month = may,
   volume = 9,
    pages = {90-95},
      doi = {10.1109/MCSE.2007.55},
   adsurl = {http://adsabs.harvard.edu/abs/2007CSE.....9...90H},
  adsnote = {Provided by the SAO/NASA Astrophysics Data System}
}



@INPROCEEDINGS{micado,
   author = {{Davies}, R. and {Ageorges}, N. and {Barl}, L. and {Bedin}, L.~R. and 
	{Bender}, R. and {Bernardi}, P. and {Chapron}, F. and {Clenet}, Y. and 
	{Deep}, A. and {Deul}, E. and {Drost}, M. and {Eisenhauer}, F. and 
	{Falomo}, R. and {Fiorentino}, G. and {F{\"o}rster Schreiber}, N.~M. and 
	{Gendron}, E. and {Genzel}, R. and {Gratadour}, D. and {Greggio}, L. and 
	{Grupp}, F. and {Held}, E. and {Herbst}, T. and {Hess}, H.-J. and 
	{Hubert}, Z. and {Jahnke}, K. and {Kuijken}, K. and {Lutz}, D. and 
	{Magrin}, D. and {Muschielok}, B. and {Navarro}, R. and {Noyola}, E. and 
	{Paumard}, T. and {Piotto}, G. and {Ragazzoni}, R. and {Renzini}, A. and 
	{Rousset}, G. and {Rix}, H.-W. and {Saglia}, R. and {Tacconi}, L. and 
	{Thiel}, M. and {Tolstoy}, E. and {Trippe}, S. and {Tromp}, N. and 
	{Valentijn}, E.~A. and {Verdoes Kleijn}, G. and {Wegner}, M.
	},
    title = "{MICADO: the E-ELT adaptive optics imaging camera}",
booktitle = {Ground-based and Airborne Instrumentation for Astronomy III},
     year = 2010,
   series = {\procspie},
   volume = 7735,
archivePrefix = "arXiv",
   eprint = {1005.5009},
 primaryClass = "astro-ph.IM",
    month = jul,
      eid = {77352A},
    pages = {77352A},
      doi = {10.1117/12.856379},
   adsurl = {http://adsabs.harvard.edu/abs/2010SPIE.7735E..2AD},
  adsnote = {Provided by the SAO/NASA Astrophysics Data System}
}


@INPROCEEDINGS{micado2016,
   author = {{Davies}, R. and {Schubert}, J. and {Hartl}, M. and {Alves}, J. and 
	{Cl{\'e}net}, Y. and {Lang-Bardl}, F. and {Nicklas}, H. and 
	{Pott}, J.-U. and {Ragazzoni}, R. and {Tolstoy}, E. and {Agocs}, T. and 
	{Anwand-Heerwart}, H. and {Barboza}, S. and {Baudoz}, P. and 
	{Bender}, R. and {Bizenberger}, P. and {Boccaletti}, A. and 
	{Boland}, W. and {Bonifacio}, P. and {Briegel}, F. and {Buey}, T. and 
	{Chapron}, F. and {Cohen}, M. and {Czoske}, O. and {Dreizler}, S. and 
	{Falomo}, R. and {Feautrier}, P. and {F{\"o}rster Schreiber}, N. and 
	{Gendron}, E. and {Genzel}, R. and {Gl{\"u}ck}, M. and {Gratadour}, D. and 
	{Greimel}, R. and {Grupp}, F. and {H{\"a}user}, M. and {Haug}, M. and 
	{Hennawi}, J. and {Hess}, H.~J. and {H{\"o}rmann}, V. and {Hofferbert}, R. and 
	{Hopp}, U. and {Hubert}, Z. and {Ives}, D. and {Kausch}, W. and 
	{Kerber}, F. and {Kravcar}, H. and {Kuijken}, K. and {Lang-Bardl}, F. and 
	{Leitzinger}, M. and {Leschinski}, K. and {Massari}, D. and 
	{Mei}, S. and {Merlin}, F. and {Mohr}, L. and {Monna}, A. and 
	{M{\"u}ller}, F. and {Navarro}, R. and {Plattner}, M. and {Przybilla}, N. and 
	{Ramlau}, R. and {Ramsay}, S. and {Ratzka}, T. and {Rhode}, P. and 
	{Richter}, J. and {Rix}, H.-W. and {Rodeghiero}, G. and {Rohloff}, R.-R. and 
	{Rousset}, G. and {Ruddenklau}, R. and {Schaffenroth}, V. and 
	{Schlichter}, J. and {Sevin}, A. and {Stuik}, R. and {Sturm}, E. and 
	{Thomas}, J. and {Tromp}, N. and {Turatto}, M. and {Verdoes-Kleijn}, G. and 
	{Vidal}, F. and {Wagner}, R. and {Wegner}, M. and {Zeilinger}, W. and 
	{Ziegler}, B. and {Zins}, G.},
    title = "{MICADO: first light imager for the E-ELT}",
booktitle = {Society of Photo-Optical Instrumentation Engineers (SPIE) Conference Series},
     year = 2016,
   series = {\procspie},
   volume = 9908,
archivePrefix = "arXiv",
   eprint = {1607.01954},
 primaryClass = "astro-ph.IM",
    month = aug,
      eid = {99081Z},
    pages = {99081Z},
      doi = {10.1117/12.2233047},
   adsurl = {http://adsabs.harvard.edu/abs/2016SPIE.9908E..1ZD},
  adsnote = {Provided by the SAO/NASA Astrophysics Data System}
}


@INPROCEEDINGS{metis,
   author = {{Brandl}, B.~R. and {Lenzen}, R. and {Pantin}, E. and {Glasse}, A. and 
	{Blommaert}, J. and {Venema}, L. and {Molster}, F. and {Siebenmorgen}, R. and 
	{Boehnhardt}, H. and {van Dishoeck}, E. and {van der Werf}, P. and 
	{Henning}, T. and {Brandner}, W. and {Lagage}, P.-O. and {Moore}, T.~J.~T. and 
	{Baes}, M. and {Waelkens}, C. and {Wright}, C. and {K{\"a}ufl}, H.~U. and 
	{Kendrew}, S. and {Stuik}, R. and {Jolissaint}, L.},
    title = "{METIS: the Mid-infrared E-ELT Imager and Spectrograph}",
booktitle = {Ground-based and Airborne Instrumentation for Astronomy II},
     year = 2008,
   series = {\procspie},
   volume = 7014,
archivePrefix = "arXiv",
   eprint = {0807.3271},
    month = jul,
      eid = {70141N},
    pages = {70141N},
      doi = {10.1117/12.789241},
   adsurl = {http://adsabs.harvard.edu/abs/2008SPIE.7014E..1NB},
  adsnote = {Provided by the SAO/NASA Astrophysics Data System}
}


@INPROCEEDINGS{harmoni,
   author = {{Thatte}, N. and {Tecza}, M. and {Clarke}, F. and {Davies}, R.~L. and 
	{Remillieux}, A. and {Bacon}, R. and {Lunney}, D. and {Arribas}, S. and 
	{Mediavilla}, E. and {Gago}, F. and {Bezawada}, N. and {Ferruit}, P. and 
	{Fragoso}, A. and {Freeman}, D. and {Fuentes}, J. and {Fusco}, T. and 
	{Gallie}, A. and {Garcia}, A. and {Goodsall}, T. and {Gracia}, F. and 
	{Jarno}, A. and {Kosmalski}, J. and {Lynn}, J. and {McLay}, S. and 
	{Montgomery}, D. and {Pecontal}, A. and {Schnetler}, H. and 
	{Smith}, H. and {Sosa}, D. and {Battaglia}, G. and {Bowles}, N. and 
	{Colina}, L. and {Emsellem}, E. and {Garcia-Perez}, A. and {Gladysz}, S. and 
	{Hook}, I. and {Irwin}, P. and {Jarvis}, M. and {Kennicutt}, R. and 
	{Levan}, A. and {Longmore}, A. and {Magorrian}, J. and {McCaughrean}, M. and 
	{Origlia}, L. and {Rebolo}, R. and {Rigopoulou}, D. and {Ryan}, S. and 
	{Swinbank}, M. and {Tanvir}, N. and {Tolstoy}, E. and {Verma}, A.
	},
    title = "{HARMONI: a single-field wide-band integral-field spectrograph for the European ELT}",
booktitle = {Ground-based and Airborne Instrumentation for Astronomy III},
     year = 2010,
   series = {\procspie},
   volume = 7735,
    month = jul,
      eid = {77352I},
    pages = {77352I},
      doi = {10.1117/12.857445},
   adsurl = {http://adsabs.harvard.edu/abs/2010SPIE.7735E..2IT},
  adsnote = {Provided by the SAO/NASA Astrophysics Data System}
}


@ARTICLE{eelt,
   author = {{Gilmozzi}, R. and {Spyromilio}, J.},
    title = "{The European Extremely Large Telescope (E-ELT)}",
  journal = {The Messenger},
     year = 2007,
    month = mar,
   volume = 127,
   adsurl = {http://adsabs.harvard.edu/abs/2007Msngr.127...11G},
  adsnote = {Provided by the SAO/NASA Astrophysics Data System}
}


@ARTICLE{maory,
   author = {{Diolaiti}, E.},
    title = "{MAORY: A Multi-conjugate Adaptive Optics RelaY for the E-ELT}",
  journal = {The Messenger},
     year = 2010,
    month = jun,
   volume = 140,
    pages = {28-29},
   adsurl = {http://adsabs.harvard.edu/abs/2010Msngr.140...28D},
  adsnote = {Provided by the SAO/NASA Astrophysics Data System}
}


@INPROCEEDINGS{maory2016,
   author = {{Diolaiti}, E. and {Ciliegi}, P. and {Abicca}, R. and {Agapito}, G. and 
	{Arcidiacono}, C. and {Baruffolo}, A. and {Bellazzini}, M. and 
	{Biliotti}, V. and {Bonaglia}, M. and {Bregoli}, G. and {Briguglio}, R. and 
	{Brissaud}, O. and {Busoni}, L. and {Carbonaro}, L. and {Carlotti}, A. and 
	{Cascone}, E. and {Correia}, J.-J. and {Cortecchia}, F. and 
	{Cosentino}, G. and {De Caprio}, V. and {de Pascale}, M. and 
	{De Rosa}, A. and {Del Vecchio}, C. and {Delboulb{\'e}}, A. and 
	{Di Rico}, G. and {Esposito}, S. and {Fantinel}, D. and {Feautrier}, P. and 
	{Felini}, C. and {Ferruzzi}, D. and {Fini}, L. and {Fiorentino}, G. and 
	{Foppiani}, I. and {Ghigo}, M. and {Giordano}, C. and {Giro}, E. and 
	{Gluck}, L. and {H{\'e}nault}, F. and {Jocou}, L. and {Kerber}, F. and 
	{La Penna}, P. and {Lafrasse}, S. and {Lauria}, M. and {le Coarer}, E. and 
	{Le Louarn}, M. and {Lombini}, M. and {Magnard}, Y. and {Maiorano}, E. and 
	{Mannucci}, F. and {Mapelli}, M. and {Marchetti}, E. and {Maurel}, D. and 
	{Michaud}, L. and {Morgante}, G. and {Moulin}, T. and {Oberti}, S. and 
	{Pareschi}, G. and {Patti}, M. and {Puglisi}, A. and {Rabou}, P. and 
	{Ragazzoni}, R. and {Ramsay}, S. and {Riccardi}, A. and {Ricciardi}, S. and 
	{Riva}, M. and {Rochat}, S. and {Roussel}, F. and {Roux}, A. and 
	{Salasnich}, B. and {Saracco}, P. and {Schreiber}, L. and {Spavone}, M. and 
	{Stadler}, E. and {Sztefek}, M.-H. and {Ventura}, N. and {V{\'e}rinaud}, C. and 
	{Xompero}, M. and {Fontana}, A. and {Zerbi}, F.~M.},
    title = "{MAORY: adaptive optics module for the E-ELT}",
booktitle = {Society of Photo-Optical Instrumentation Engineers (SPIE) Conference Series},
     year = 2016,
   series = {\procspie},
   volume = 9909,
    month = jul,
      eid = {99092D},
    pages = {99092D},
      doi = {10.1117/12.2234585},
   adsurl = {http://adsabs.harvard.edu/abs/2016SPIE.9909E..2DD},
  adsnote = {Provided by the SAO/NASA Astrophysics Data System}
}



@ARTICLE{phosim,
   author = {{Peterson}, J.~R. and {Jernigan}, J.~G. and {Kahn}, S.~M. and 
	{Rasmussen}, A.~P. and {Peng}, E. and {Ahmad}, Z. and {Bankert}, J. and 
	{Chang}, C. and {Claver}, C. and {Gilmore}, D.~K. and {Grace}, E. and 
	{Hannel}, M. and {Hodge}, M. and {Lorenz}, S. and {Lupu}, A. and 
	{Meert}, A. and {Nagarajan}, S. and {Todd}, N. and {Winans}, A. and 
	{Young}, M.},
    title = "{Simulation of Astronomical Images from Optical Survey Telescopes Using a Comprehensive Photon Monte Carlo Approach}",
  journal = {\apjs},
archivePrefix = "arXiv",
   eprint = {1504.06570},
 primaryClass = "astro-ph.IM",
 keywords = {atmospheric effects, cosmology: observations, Galaxy: structure, instrumentation: detectors, surveys, telescopes},
     year = 2015,
    month = may,
   volume = 218,
      eid = {14},
    pages = {14},
      doi = {10.1088/0067-0049/218/1/14},
   adsurl = {http://adsabs.harvard.edu/abs/2015ApJS..218...14P},
  adsnote = {Provided by the SAO/NASA Astrophysics Data System}
}


@INPROCEEDINGS{toad,
   author = {{Winkler}, R. and {Haynes}, D.~M. and {Bellido-Tirado}, O. and 
	{Xu}, W. and {Haynes}, R.},
    title = "{TOAD: a numerical model for the 4MOST instrument}",
booktitle = {Modeling, Systems Engineering, and Project Management for Astronomy VI},
     year = 2014,
   series = {\procspie},
   volume = 9150,
    month = aug,
      eid = {91500T},
    pages = {91500T},
      doi = {10.1117/12.2056463},
   adsurl = {http://adsabs.harvard.edu/abs/2014SPIE.9150E..0TW},
  adsnote = {Provided by the SAO/NASA Astrophysics Data System}
}


@INPROCEEDINGS{irissim,
   author = {{Wright}, S.~A. and {Walth}, G. and {Do}, T. and {Marshall}, D. and 
	{Larkin}, J.~E. and {Moore}, A.~M. and {Adamkovics}, M. and 
	{Andersen}, D. and {Armus}, L. and {Barth}, A. and {Cote}, P. and 
	{Cooke}, J. and {Chisholm}, E.~M. and {Davidge}, T. and {Dunn}, J.~S. and 
	{Dumas}, C. and {Ellerbroek}, B.~L. and {Ghez}, A.~M. and {Hao}, L. and 
	{Hayano}, Y. and {Liu}, M. and {Lopez-Rodriguez}, E. and {Lu}, J.~R. and 
	{Mao}, S. and {Marois}, C. and {Pandey}, S.~B. and {Phillips}, A.~C. and 
	{Schoeck}, M. and {Subramaniam}, A. and {Subramanian}, S. and 
	{Suzuki}, R. and {Tan}, J.~C. and {Terai}, T. and {Treu}, T. and 
	{Simard}, L. and {Weiss}, J.~L. and {Wincentsen}, J. and {Wong}, M. and 
	{Zhang}, K.},
    title = "{The infrared imaging spectrograph (IRIS) for TMT: latest science cases and simulations}",
booktitle = {Society of Photo-Optical Instrumentation Engineers (SPIE) Conference Series},
     year = 2016,
   series = {\procspie},
   volume = 9909,
archivePrefix = "arXiv",
   eprint = {1608.01696},
 primaryClass = "astro-ph.IM",
    month = jul,
      eid = {990905},
    pages = {990905},
      doi = {10.1117/12.2233182},
   adsurl = {http://adsabs.harvard.edu/abs/2016SPIE.9909E..05W},
  adsnote = {Provided by the SAO/NASA Astrophysics Data System}
}




@ARTICLE{skycalc1,
   author = {{Noll}, S. and {Kausch}, W. and {Barden}, M. and {Jones}, A.~M. and 
	{Szyszka}, C. and {Kimeswenger}, S. and {Vinther}, J.},
    title = "{An atmospheric radiation model for Cerro Paranal. I. The optical spectral range}",
  journal = {\aap},
archivePrefix = "arXiv",
   eprint = {1205.2003},
 primaryClass = "astro-ph.IM",
 keywords = {atmospheric effects, site testing, radiative transfer, radiation mechanisms: general, scattering, techniques: spectroscopic},
     year = 2012,
    month = jul,
   volume = 543,
      eid = {A92},
    pages = {A92},
      doi = {10.1051/0004-6361/201219040},
   adsurl = {http://adsabs.harvard.edu/abs/2012A%26A...543A..92N},
  adsnote = {Provided by the SAO/NASA Astrophysics Data System}
}


@ARTICLE{skycalc2,
   author = {{Jones}, A. and {Noll}, S. and {Kausch}, W. and {Szyszka}, C. and 
	{Kimeswenger}, S.},
    title = "{An advanced scattered moonlight model for Cerro Paranal}",
  journal = {\aap},
archivePrefix = "arXiv",
   eprint = {1310.7030},
 primaryClass = "astro-ph.IM",
 keywords = {Moon, atmospheric effects, radiative transfer, scattering, methods: data analysis, techniques: spectroscopic},
     year = 2013,
    month = dec,
   volume = 560,
      eid = {A91},
    pages = {A91},
      doi = {10.1051/0004-6361/201322433},
   adsurl = {http://adsabs.harvard.edu/abs/2013A%26A...560A..91J},
  adsnote = {Provided by the SAO/NASA Astrophysics Data System}
}


@INPROCEEDINGS{metissim,
   author = {{Schmalzl}, E. and {Meisner}, J. and {Venema}, L. and {Kendrew}, S. and 
	{Brandl}, B. and {Blommaert}, J. and {Glasse}, A. and {Lenzen}, R. and 
	{Meyer}, M. and {Molster}, F. and {Pantin}, E.},
    title = "{An end-to-end instrument model for the proposed E-ELT instrument METIS}",
booktitle = {Modeling, Systems Engineering, and Project Management for Astronomy V},
     year = 2012,
   series = {\procspie},
   volume = 8449,
    month = sep,
      eid = {84491P},
    pages = {84491P},
      doi = {10.1117/12.925938},
   adsurl = {http://adsabs.harvard.edu/abs/2012SPIE.8449E..1PS},
  adsnote = {Provided by the SAO/NASA Astrophysics Data System}
}


@ARTICLE{hsim,
   author = {{Zieleniewski}, S. and {Thatte}, N. and {Kendrew}, S. and {Houghton}, R.~C.~W. and 
	{Swinbank}, A.~M. and {Tecza}, M. and {Clarke}, F. and {Fusco}, T.
	},
    title = "{HSIM: a simulation pipeline for the HARMONI integral field spectrograph on the European ELT}",
  journal = {\mnras},
archivePrefix = "arXiv",
   eprint = {1508.04441},
 primaryClass = "astro-ph.IM",
 keywords = {instrumentation: adaptive optics, instrumentation: spectrographs, galaxies: high-redshift, galaxies: kinematics and dynamics},
     year = 2015,
    month = nov,
   volume = 453,
    pages = {3754-3765},
      doi = {10.1093/mnras/stv1860},
   adsurl = {http://adsabs.harvard.edu/abs/2015MNRAS.453.3754Z},
  adsnote = {Provided by the SAO/NASA Astrophysics Data System}
}


@ARTICLE{boccas06,
   author = {{Boccas}, M. and {Vucina}, T. and {Araya}, C. and {Vera}, E. and 
	{Ahhee}, C.},
    title = "{Protected-silver coatings for the 8-m Gemini telescope mirrors}",
  journal = {Thin Solid Films},
     year = 2006,
    month = apr,
   volume = 502,
    pages = {275-280},
      doi = {10.1016/j.tsf.2005.07.295},
   adsurl = {http://adsabs.harvard.edu/abs/2006TSF...502..275B},
  adsnote = {Provided by the SAO/NASA Astrophysics Data System}
}


@INPROCEEDINGS{clenet2013,
   author = {{Clenet}, Y. and {Gratadour}, D. and {Gendron}, E. and {Rousset}, G. and 
	{Sevin}, A.},
    title = "{First GPU-based end-to-end AO simulations to dimension the E-ELT MICADO SCAO mode}",
booktitle = {Proceedings of the Third AO4ELT Conference},
     year = 2013,
   editor = {{Esposito}, S. and {Fini}, L.},
    month = dec,
      eid = {29},
    pages = {29},
      doi = {10.12839/AO4ELT3.13240},
   adsurl = {http://adsabs.harvard.edu/abs/2013aoel.confE..29C},
  adsnote = {Provided by the SAO/NASA Astrophysics Data System}
}


@ARTICLE{clenet2015,
   author = {{Cl{\'e}net}, Y. and {Gendron}, E. and {Gratadour}, D. and {Rousset}, G. and 
	{Vidal}, F.},
    title = "{Anisoplanatism effect on the E-ELT SCAO point spread function. A preserved coherent core across the field}",
  journal = {\aap},
 keywords = {atmospheric effects, instrumentation: adaptive optics, methods: numerical},
     year = 2015,
    month = nov,
   volume = 583,
      eid = {A102},
    pages = {A102},
      doi = {10.1051/0004-6361/201425469},
   adsurl = {http://adsabs.harvard.edu/abs/2015A%26A...583A.102C},
  adsnote = {Provided by the SAO/NASA Astrophysics Data System}
}




@INPROCEEDINGS{clenet2016,
   author = {{Cl{\'e}net}, Y. and {Buey}, T. and {Rousset}, G. and {Gendron}, E. and 
	{Esposito}, S. and {Hubert}, Z. and {Busoni}, L. and {Cohen}, M. and 
	{Riccardi}, A. and {Chapron}, F. and {Bonaglia}, M. and {Sevin}, A. and 
	{Baudoz}, P. and {Feautrier}, P. and {Zins}, G. and {Gratadour}, D. and 
	{Vidal}, F. and {Chemla}, F. and {Ferreira}, F. and {Doucet}, N. and 
	{Durand}, S. and {Carlotti}, A. and {Perrot}, C. and {Schreiber}, L. and 
	{Lombini}, M. and {Ciliegi}, P. and {Diolaiti}, E. and {Schubert}, J. and 
	{Davies}, R.},
    title = "{Joint MICADO-MAORY SCAO mode: specifications, prototyping, simulations and preliminary design}",
booktitle = {Society of Photo-Optical Instrumentation Engineers (SPIE) Conference Series},
     year = 2016,
   series = {\procspie},
   volume = 9909,
    month = jul,
      eid = {99090A},
    pages = {99090A},
      doi = {10.1117/12.2231192},
   adsurl = {http://adsabs.harvard.edu/abs/2016SPIE.9909E..0AC},
  adsnote = {Provided by the SAO/NASA Astrophysics Data System}
}



@INPROCEEDINGS{maorySim,
   author = {{Arcidiacono}, C. and {Schreiber}, L. and {Bregoli}, G. and 
	{Diolaiti}, E. and {Foppiani}, I. and {Cosentino}, G. and {Lombini}, M. and 
	{Butler}, R.~C. and {Ciliegi}, P.},
    title = "{End to end numerical simulations of the MAORY multiconjugate adaptive optics system}",
booktitle = {Adaptive Optics Systems IV},
     year = 2014,
   series = {\procspie},
   volume = 9148,
archivePrefix = "arXiv",
   eprint = {1408.0698},
 primaryClass = "astro-ph.IM",
    month = aug,
      eid = {91486F},
    pages = {91486F},
      doi = {10.1117/12.2055608},
   adsurl = {http://adsabs.harvard.edu/abs/2014SPIE.9148E..6FA},
  adsnote = {Provided by the SAO/NASA Astrophysics Data System}
}


@ARTICLE{rauscher07,
   author = {{Rauscher}, B.~J. and {Fox}, O. and {Ferruit}, P. and {Hill}, R.~J. and 
	{Waczynski}, A. and {Wen}, Y. and {Xia-Serafino}, W. and {Mott}, B. and 
	{Alexander}, D. and {Brambora}, C.~K. and {Derro}, R. and {Engler}, C. and 
	{Garrison}, M.~B. and {Johnson}, T. and {Manthripragada}, S.~S. and 
	{Marsh}, J.~M. and {Marshall}, C. and {Martineau}, R.~J. and 
	{Shakoorzadeh}, K.~B. and {Wilson}, D. and {Roher}, W.~D. and 
	{Smith}, M. and {Cabelli}, C. and {Garnett}, J. and {Loose}, M. and 
	{Wong-Anglin}, S. and {Zandian}, M. and {Cheng}, E. and {Ellis}, T. and 
	{Howe}, B. and {Jurado}, M. and {Lee}, G. and {Nieznanski}, J. and 
	{Wallis}, P. and {York}, J. and {Regan}, M.~W. and {Hall}, D.~N.~B. and 
	{Hodapp}, K.~W. and {B{\"o}ker}, T. and {De Marchi}, G. and 
	{Jakobsen}, P. and {Strada}, P.},
    title = "{Detectors for the James Webb Space Telescope Near-Infrared Spectrograph. I. Readout Mode, Noise Model, and Calibration Considerations}",
  journal = {\pasp},
archivePrefix = "arXiv",
   eprint = {0706.2344},
 keywords = {Astronomical Instrumentation},
     year = 2007,
    month = jul,
   volume = 119,
    pages = {768-786},
      doi = {10.1086/520887},
   adsurl = {http://adsabs.harvard.edu/abs/2007PASP..119..768R},
  adsnote = {Provided by the SAO/NASA Astrophysics Data System}
}


@INPROCEEDINGS{hall2011,
   author = {{Hall}, D.~N.~B.},
    title = "{The Development And Use Of The HAWAII 2RG Array And SIDECAR ASIC For 1 - 5 Micron IR Observations With A Preview Of The Coming HAWAII 4RG-15.}",
booktitle = {American Astronomical Society Meeting Abstracts \#217},
     year = 2011,
   series = {Bulletin of the American Astronomical Society},
   volume = 43,
    month = jan,
      eid = {425.07},
    pages = {425.07},
   adsurl = {http://adsabs.harvard.edu/abs/2011AAS...21742507H},
  adsnote = {Provided by the SAO/NASA Astrophysics Data System}
}


@INPROCEEDINGS{moseley10,
   author = {{Moseley}, S.~H. and {Arendt}, R.~G. and {Fixsen}, D.~J. and 
	{Lindler}, D. and {Loose}, M. and {Rauscher}, B.~J.},
    title = "{Reducing the read noise of H2RG detector arrays: eliminating correlated noise with efficient use of reference signals}",
booktitle = {High Energy, Optical, and Infrared Detectors for Astronomy IV},
     year = 2010,
   series = {\procspie},
   volume = 7742,
    month = jul,
      eid = {77421B},
    pages = {77421B},
      doi = {10.1117/12.866773},
   adsurl = {http://adsabs.harvard.edu/abs/2010SPIE.7742E..1BM},
  adsnote = {Provided by the SAO/NASA Astrophysics Data System}
}


@INPROCEEDINGS{rauscher12,
   author = {{Rauscher}, B.~J. and {Arendt}, R.~G. and {Fixsen}, D.~J. and 
	{Lander}, M. and {Lindler}, D. and {Loose}, M. and {Moseley}, S.~H. and 
	{Wilson}, D.~V. and {Xenophontos}, C.},
    title = "{Reducing the read noise of HAWAII-2RG detector systems with improved reference sampling and subtraction (IRS$^{2}$)}",
booktitle = {High Energy, Optical, and Infrared Detectors for Astronomy V},
     year = 2012,
   series = {\procspie},
   volume = 8453,
    month = jul,
      eid = {84531F},
    pages = {84531F},
      doi = {10.1117/12.926089},
   adsurl = {http://adsabs.harvard.edu/abs/2012SPIE.8453E..1FR},
  adsnote = {Provided by the SAO/NASA Astrophysics Data System}
}


@ARTICLE{pickles,
   author = {{Pickles}, A.~J.},
    title = "{A Stellar Spectral Flux Library: 1150-25000 {\AA}}",
  journal = {\pasp},
 keywords = {ATLASES, STARS: GENERAL, GALAXIES: STELLAR CONTENT},
     year = 1998,
    month = jul,
   volume = 110,
    pages = {863-878},
      doi = {10.1086/316197},
   adsurl = {http://adsabs.harvard.edu/abs/1998PASP..110..863P},
  adsnote = {Provided by the SAO/NASA Astrophysics Data System}
}


@ARTICLE{moreels08,
   author = {{Moreels}, G. and {Clairemidi}, J. and {Faivre}, M. and {Pautet}, D. and 
	{Rubio da Costa}, F. and {Rousselot}, P. and {Meriwether}, J.~W. and 
	{Lehmacher}, G.~A. and {Vidal}, E. and {Chau}, J.~L. and {Monnet}, G.
	},
    title = "{Near-infrared sky background fluctuations at mid- and low latitudes}",
  journal = {Experimental Astronomy},
 keywords = {Atmospheric effects, Sky background, Image processing, Infrared, Stars},
     year = 2008,
    month = oct,
   volume = 22,
    pages = {87-107},
      doi = {10.1007/s10686-008-9089-6},
   adsurl = {http://adsabs.harvard.edu/abs/2008ExA....22...87M},
  adsnote = {Provided by the SAO/NASA Astrophysics Data System}
}


@ARTICLE{pedani14,
   author = {{Pedani}, M.},
    title = "{Sky surface brightness at Mount Graham II. First JHKs science observations with the Large Binocular Telescope}",
  journal = {New Astronomy},
     year = 2014,
    month = apr,
   volume = 28,
    pages = {63-69},
      doi = {10.1016/j.newast.2013.10.005},
   adsurl = {http://adsabs.harvard.edu/abs/2014NewA...28...63P},
  adsnote = {Provided by the SAO/NASA Astrophysics Data System}
}


@ARTICLE{sextractor,
   author = {{Bertin}, E. and {Arnouts}, S.},
    title = "{SExtractor: Software for source extraction.}",
  journal = {\aaps},
 keywords = {METHODS: DATA ANALYSIS, TECHNIQUES: IMAGE PROCESSING, GALAXIES: PHOTOMETRY},
     year = 1996,
    month = jun,
   volume = 117,
    pages = {393-404},
      doi = {10.1051/aas:1996164},
   adsurl = {http://adsabs.harvard.edu/abs/1996A%26AS..117..393B},
  adsnote = {Provided by the SAO/NASA Astrophysics Data System}
}


@INPROCEEDINGS{leschinski2016,
   author = {{Leschinski}, K. and {Czoske}, O. and {K{\"o}hler}, R. and {Mach}, M. and 
	{Zeilinger}, W. and {Verdoes Kleijn}, G. and {Alves}, J. and 
	{Kausch}, W. and {Przybilla}, N.},
    title = "{SimCADO: an instrument data simulator package for MICADO at the E-ELT}",
booktitle = {Society of Photo-Optical Instrumentation Engineers (SPIE) Conference Series},
     year = 2016,
   series = {\procspie},
   volume = 9911,
archivePrefix = "arXiv",
   eprint = {1609.01480},
 primaryClass = "astro-ph.IM",
    month = aug,
      eid = {991124},
    pages = {991124},
      doi = {10.1117/12.2232483},
   adsurl = {http://adsabs.harvard.edu/abs/2016SPIE.9911E..24L},
  adsnote = {Provided by the SAO/NASA Astrophysics Data System}
}


@ARTICLE{stone1996,
   author = {{Stone}, R.~C.},
    title = "{An Accurate Method for Computing Atmospheric Refraction}",
  journal = {\pasp},
 keywords = {ATMOSPHERIC EFFECTS, METHODS: NUMERICAL},
     year = 1996,
    month = nov,
   volume = 108,
    pages = {1051-1058},
      doi = {10.1086/133831},
   adsurl = {http://cdsads.u-strasbg.fr/abs/1996PASP..108.1051S},
  adsnote = {Provided by the SAO/NASA Astrophysics Data System}
}


@INPROCEEDINGS{nirspec,
   author = {{Posselt}, W. and {Holota}, W. and {Kulinyak}, E. and {Kling}, G. and 
	{Kutscheid}, T. and {Le Fevre}, O. and {Prieto}, E. and {Ferruit}, P.
	},
    title = "{NIRSpec: near-infrared spectrograph for the JWST}",
booktitle = {Optical, Infrared, and Millimeter Space Telescopes},
     year = 2004,
   series = {\procspie},
   volume = 5487,
   editor = {{Mather}, J.~C.},
    month = oct,
    pages = {688-697},
      doi = {10.1117/12.555659},
   adsurl = {http://adsabs.harvard.edu/abs/2004SPIE.5487..688P},
  adsnote = {Provided by the SAO/NASA Astrophysics Data System}
}



@ARTICLE{hawki,
   author = {{Kissler-Patig}, M. and {Pirard}, J.-F. and {Casali}, M. and 
	{Moorwood}, A. and {Ageorges}, N. and {Alves de Oliveira}, C. and 
	{Baksai}, P. and {Bedin}, L.~R. and {Bendek}, E. and {Biereichel}, P. and 
	{Delabre}, B. and {Dorn}, R. and {Esteves}, R. and {Finger}, G. and 
	{Gojak}, D. and {Huster}, G. and {Jung}, Y. and {Kiekebush}, M. and 
	{Klein}, B. and {Koch}, F. and {Lizon}, J.-L. and {Mehrgan}, L. and 
	{Petr-Gotzens}, M. and {Pritchard}, J. and {Selman}, F. and 
	{Stegmeier}, J.},
    title = "{HAWK-I: the high-acuity wide-field K-band imager for the ESO Very Large Telescope}",
  journal = {\aap},
 keywords = {instrumentation: miscellaneous, infrared: general},
     year = 2008,
    month = dec,
   volume = 491,
    pages = {941-950},
      doi = {10.1051/0004-6361:200809910},
   adsurl = {http://esoads.eso.org/abs/2008A%26A...491..941K},
  adsnote = {Provided by the SAO/NASA Astrophysics Data System}
}


@INPROCEEDINGS{vlt_mirror,
   author = {{Dierickx}, P. and {Enard}, D. and {Merkle}, F. and {Noethe}, L. and 
	{Wilson}, R.~N.},
    title = "{ESO VLT. II - Optical specifications and performance of large optics}",
 keywords = {Atmospheric Optics, Seeing (Astronomy), Telescopes, Wave Diffraction, Algorithms, Instrument Errors, Mirrors, Optical Properties, Root-Mean-Square Errors, Very Large Array (Vla)},
booktitle = {Advanced Technology Optical Telescopes IV},
     year = 1990,
   series = {\procspie},
   volume = 1236,
   editor = {{Barr}, L.~D.},
    month = jul,
    pages = {138-151},
   adsurl = {http://adsabs.harvard.edu/abs/1990SPIE.1236..138D},
  adsnote = {Provided by the SAO/NASA Astrophysics Data System}
}


@ARTICLE{2mass,
   author = {{Skrutskie}, M.~F. and {Cutri}, R.~M. and {Stiening}, R. and 
	{Weinberg}, M.~D. and {Schneider}, S. and {Carpenter}, J.~M. and 
	{Beichman}, C. and {Capps}, R. and {Chester}, T. and {Elias}, J. and 
	{Huchra}, J. and {Liebert}, J. and {Lonsdale}, C. and {Monet}, D.~G. and 
	{Price}, S. and {Seitzer}, P. and {Jarrett}, T. and {Kirkpatrick}, J.~D. and 
	{Gizis}, J.~E. and {Howard}, E. and {Evans}, T. and {Fowler}, J. and 
	{Fullmer}, L. and {Hurt}, R. and {Light}, R. and {Kopan}, E.~L. and 
	{Marsh}, K.~A. and {McCallon}, H.~L. and {Tam}, R. and {Van Dyk}, S. and 
	{Wheelock}, S.},
    title = "{The Two Micron All Sky Survey (2MASS)}",
  journal = {\aj},
 keywords = {Catalogs, Infrared: General, Surveys},
     year = 2006,
    month = feb,
   volume = 131,
    pages = {1163-1183},
      doi = {10.1086/498708},
   adsurl = {http://adsabs.harvard.edu/abs/2006AJ....131.1163S},
  adsnote = {Provided by the SAO/NASA Astrophysics Data System}
}




@ARTICLE{cohen2015,
   author = {{Cohen}, R.~E. and {Hempel}, M. and {Mauro}, F. and {Geisler}, D. and 
	{Alonso-Garcia}, J. and {Kinemuchi}, K.},
    title = "{Wide Field Near-infrared Photometry of 12 Galactic Globular Clusters: Observations Versus Models on the Red Giant Branch}",
  journal = {\aj},
archivePrefix = "arXiv",
   eprint = {1509.01470},
 primaryClass = "astro-ph.SR",
 keywords = {globular clusters: general, globular clusters: individual: NGC 104, NGC 288, NGC 362, NGC 1261, NGC 1851, NGC 2808, NGC 4833, NGC 5927, NGC 6304, NGC 6496, NGC 6584, NGC 7099, infrared: stars},
     year = 2015,
    month = dec,
   volume = 150,
      eid = {176},
    pages = {176},
      doi = {10.1088/0004-6256/150/6/176},
   adsurl = {http://adsabs.harvard.edu/abs/2015AJ....150..176C},
  adsnote = {Provided by the SAO/NASA Astrophysics Data System}
}


@INPROCEEDINGS{finger2008,
   author = {{Finger}, G. and {Dorn}, R.~J. and {Eschbaumer}, S. and {Hall}, D.~N.~B. and 
	{Mehrgan}, L. and {Meyer}, M. and {Stegmeier}, J.},
    title = "{Performance evaluation, readout modes, and calibration techniques of HgCdTe Hawaii-2RG mosaic arrays}",
booktitle = {High Energy, Optical, and Infrared Detectors for Astronomy III},
     year = 2008,
   series = {\procspie},
   volume = 7021,
    month = jul,
      eid = {70210P},
    pages = {70210P},
      doi = {10.1117/12.787971},
   adsurl = {http://adsabs.harvard.edu/abs/2008SPIE.7021E..0PF},
  adsnote = {Provided by the SAO/NASA Astrophysics Data System}
}


@ARTICLE{cuby2000,
   author = {{Cuby}, J.~G. and {Lidman}, C. and {Moutou}, C.},
    title = "{ISAAC: 18 Months of Paranal Science Operations}",
  journal = {The Messenger},
     year = 2000,
    month = sep,
   volume = 101,
    pages = {2-8},
   adsurl = {http://adsabs.harvard.edu/abs/2000Msngr.101....2C},
  adsnote = {Provided by the SAO/NASA Astrophysics Data System}
}


@INPROCEEDINGS{hawaii2rg,
   author = {{Loose}, M. and {Beletic}, J. and {Garnett}, J. and {Xu}, M.
	},
    title = "{High-performance focal plane arrays based on the HAWAII-2RG/4G and the SIDECAR ASIC}",
booktitle = {Focal Plane Arrays for Space Telescopes III},
     year = 2007,
   series = {\procspie},
   volume = 6690,
    month = sep,
      eid = {66900C},
    pages = {66900C},
      doi = {10.1117/12.735625},
   adsurl = {http://adsabs.harvard.edu/abs/2007SPIE.6690E..0CL},
  adsnote = {Provided by the SAO/NASA Astrophysics Data System}
}



@ARTICLE{pecaut2013,
   author = {{Pecaut}, M.~J. and {Mamajek}, E.~E.},
    title = "{Intrinsic Colors, Temperatures, and Bolometric Corrections of Pre-main-sequence Stars}",
  journal = {\apjs},
archivePrefix = "arXiv",
   eprint = {1307.2657},
 primaryClass = "astro-ph.SR",
 keywords = {open clusters and associations: individual: {$\eta$} Cha cluster TW Hydra Association {$\beta$} Pic Moving Group Tucana-Horologium Association, stars: fundamental parameters, stars: pre-main sequence},
     year = 2013,
    month = sep,
   volume = 208,
      eid = {9},
    pages = {9},
      doi = {10.1088/0067-0049/208/1/9},
   adsurl = {http://adsabs.harvard.edu/abs/2013ApJS..208....9P},
  adsnote = {Provided by the SAO/NASA Astrophysics Data System}
}


@ARTICLE{aladin,
   author = {{Bonnarel}, F. and {Fernique}, P. and {Bienaym{\'e}}, O. and 
	{Egret}, D. and {Genova}, F. and {Louys}, M. and {Ochsenbein}, F. and 
	{Wenger}, M. and {Bartlett}, J.~G.},
    title = "{The ALADIN interactive sky atlas. A reference tool for identification of astronomical sources}",
  journal = {\aaps},
 keywords = {ASTRONOMICAL DATA BASES: MISCELLANEOUS, CATALOGS, ATLASES, SURVEYS},
     year = 2000,
    month = apr,
   volume = 143,
    pages = {33-40},
      doi = {10.1051/aas:2000331},
   adsurl = {http://cdsads.u-strasbg.fr/abs/2000A%26AS..143...33B},
  adsnote = {Provided by the SAO/NASA Astrophysics Data System}
}


@INPROCEEDINGS{aladinlite,
   author = {{Boch}, T. and {Fernique}, P.},
    title = "{Aladin Lite: Embed your Sky in the Browser}",
booktitle = {Astronomical Data Analysis Software and Systems XXIII},
     year = 2014,
   series = {Astronomical Society of the Pacific Conference Series},
   volume = 485,
   editor = {{Manset}, N. and {Forshay}, P.},
    month = may,
    pages = {277},
   adsurl = {http://cdsads.u-strasbg.fr/abs/2014ASPC..485..277B},
  adsnote = {Provided by the SAO/NASA Astrophysics Data System}
}


@ARTICLE{vorontsov2017,
   author = {{Vorontsov}, S.~V. and {Jefferies}, S.~M.},
    title = "{A new approach to blind deconvolution of astronomical images}",
  journal = {Inverse Problems},
     year = 2017,
    month = may,
   volume = 33,
   number = 5,
      eid = {055004},
    pages = {055004},
      doi = {10.1088/1361-6420/aa5e16},
   adsurl = {http://adsabs.harvard.edu/abs/2017InvPr..33e5004V},
  adsnote = {Provided by the SAO/NASA Astrophysics Data System}
}



@BOOK{hst_wfc3,
   author = {{Rajan}, A. and {et al.}},
    title = "{WFC3 Data Handbook v. 2.1}",
 keywords = {WFC3, Wide Field Camera 3, HST, WFC3/UVIS, WFC3/IR  },
booktitle = {WFC3 Data Handbook, HST Data Handbooks},
     year = 2011,
    month = may,
   adsurl = {http://adsabs.harvard.edu/abs/2011wfc3.book.....R},
  adsnote = {Provided by the SAO/NASA Astrophysics Data System},
publisher = {STSci}
}



@BOOK{mahajan1991,
   author = {{Mahajan}, V.~N.},
    title = "{Aberration theory made simple}",
booktitle = {Tutorial Texts in Optical Engineering, Bellingham: SPIE (The International Society for Optical Engineering), 1991},
     year = 1991,
   adsurl = {http://adsabs.harvard.edu/abs/1991atms.book.....M},
  adsnote = {Provided by the SAO/NASA Astrophysics Data System},
publisher = {}
}
